<record><leader>00000cas a22000007a 4500</leader><controlfield tag="001">15615738</controlfield><controlfield tag="008">870430d18841955iauwr ne      0    0eng d</controlfield><datafield ind1=" " ind2=" " tag="010"><subfield code="a">sn 87057393 </subfield></datafield><datafield ind1=" " ind2=" " tag="040"><subfield code="a">INP</subfield><subfield code="b">eng</subfield><subfield code="c">INP</subfield><subfield code="d">OCLCQ</subfield></datafield><datafield ind1=" " ind2=" " tag="042"><subfield code="a">msc</subfield></datafield><datafield ind1="0" ind2=" " tag="130"><subfield code="a">Sun (Red Oak, Iowa)</subfield></datafield><datafield ind1="1" ind2="4" tag="245"><subfield code="a">The sun.</subfield></datafield><datafield ind1="3" ind2="0" tag="246"><subfield code="a">Red Oak sun</subfield></datafield><datafield ind1=" " ind2=" " tag="260"><subfield code="a">Red Oak, Iowa :</subfield><subfield code="b">Boll &amp; Clark,</subfield><subfield code="c">-1955.</subfield></datafield><datafield ind1=" " ind2=" " tag="300"><subfield code="a">v.</subfield></datafield><datafield ind1=" " ind2=" " tag="310"><subfield code="a">Weekly</subfield></datafield><datafield ind1="1" ind2=" " tag="362"><subfield code="a">Began in 1884?</subfield></datafield><datafield ind1="0" ind2=" " tag="362"><subfield code="a">-v. 78, no. 27 (Feb. 24, 1955).</subfield></datafield><datafield ind1=" " ind2=" " tag="500"><subfield code="a">Part 2 of paper has masthead called: The Red Oak sun.</subfield></datafield><datafield ind1=" " ind2=" " tag="500"><subfield code="a">Publisher varies.</subfield></datafield><datafield ind1=" " ind2=" " tag="588"><subfield code="a">Description based on: Vol. 16, no. 19 (Jan. 6, 1893).</subfield></datafield><datafield ind1=" " ind2=" " tag="752"><subfield code="a">United States</subfield><subfield code="b">Iowa</subfield><subfield code="c">Montgomery</subfield><subfield code="d">Red Oak.</subfield></datafield><datafield ind1="0" ind2="4" tag="785"><subfield code="t">Red Oak express (Red Oak, Iowa : Weekly)</subfield><subfield code="w">(DLC)sn 84008406</subfield><subfield code="g">1955</subfield></datafield></record>